<?xml version="1.0" encoding="UTF-8"?><collection xmlns="http://www.loc.gov/MARC21/slim"><record><leader>00339nam--2200133-i-4500</leader><controlfield tag="001">000043746</controlfield><controlfield tag="002">20161230</controlfield><controlfield tag="005">20161230201044</controlfield><controlfield tag="008">060222s1000------------r-----000-0-eng-d</controlfield><datafield ind1=" " ind2=" " tag="100"><subfield code="a">Strutt, M.J.O</subfield></datafield><datafield ind1=" " ind2=" " tag="245"><subfield code="a">Elektronenrohren</subfield></datafield><datafield ind1=" " ind2=" " tag="260"><subfield code="a">Berlin, Springer, 1957, Xv+391p</subfield></datafield><datafield ind1=" " ind2=" " tag="490"><subfield code="a">Lehrbuch Derdrahtlosennachrichtentechnik</subfield></datafield><datafield ind1=" " ind2=" " tag="852"><subfield code="a">12390</subfield></datafield></record></collection>